
<marc:record><marc:leader>05128nam a2200661Ia 4500</marc:leader>
<marc:controlfield tag="001">001077330</marc:controlfield>
<marc:controlfield tag="003">OCoLC</marc:controlfield><marc:controlfield tag="005">20180711120938.0</marc:controlfield><marc:controlfield tag="006">m        d f      </marc:controlfield><marc:controlfield tag="007">cr cn|---unuuu</marc:controlfield><marc:controlfield tag="008">130225s2012    mdua     b   f000 0 eng d</marc:controlfield><marc:datafield tag="019" ind1=" " ind2=" "><marc:subfield code="a">1039878297</marc:subfield></marc:datafield><marc:datafield tag="024" ind1="8" ind2=" "><marc:subfield code="a">GOVPUB-C13-ec53d3ebcf09c617afc664159ebfdd7e</marc:subfield></marc:datafield><marc:datafield tag="035" ind1=" " ind2=" "><marc:subfield code="a">(OCoLC)828417849</marc:subfield><marc:subfield code="z">(OCoLC)1039878297</marc:subfield></marc:datafield><marc:datafield tag="040" ind1=" " ind2=" "><marc:subfield code="a">NFP</marc:subfield><marc:subfield code="b">eng</marc:subfield><marc:subfield code="c">NFP</marc:subfield><marc:subfield code="d">OCLCO</marc:subfield><marc:subfield code="d">UAB</marc:subfield><marc:subfield code="d">OCLCF</marc:subfield><marc:subfield code="d">OCLCQ</marc:subfield><marc:subfield code="d">OCLCA</marc:subfield><marc:subfield code="d">AGM</marc:subfield></marc:datafield><marc:datafield tag="041" ind1=" " ind2=" "><marc:subfield code="a">eng</marc:subfield></marc:datafield><marc:datafield tag="074" ind1=" " ind2=" "><marc:subfield code="a">0249-A (online)</marc:subfield></marc:datafield><marc:datafield tag="086" ind1="0" ind2=" "><marc:subfield code="a">C 13.46:1748</marc:subfield></marc:datafield><marc:datafield tag="100" ind1="1" ind2=" "><marc:subfield code="a">Maranghides, Alexander.</marc:subfield></marc:datafield><marc:datafield tag="245" ind1="1" ind2="0"><marc:subfield code="a">Framework for addressing the national wildland urban interface fire problem - determining fire and ember exposure zones using a WUI hazard scale /</marc:subfield><marc:subfield code="c">Alexander Maranghides, William E. Mell.</marc:subfield></marc:datafield><marc:datafield tag="264" ind1=" " ind2="1"><marc:subfield code="a">Gaithersburg, MD :</marc:subfield><marc:subfield code="b">U.S. Dept. of Commerce, National Institute of Standards and Technology,</marc:subfield><marc:subfield code="c">2012.</marc:subfield></marc:datafield><marc:datafield tag="300" ind1=" " ind2=" "><marc:subfield code="a">1 online resource (v, 25 pages) :</marc:subfield><marc:subfield code="b">illustrations (some color).</marc:subfield></marc:datafield><marc:datafield tag="336" ind1=" " ind2=" "><marc:subfield code="a">text</marc:subfield><marc:subfield code="b">txt</marc:subfield><marc:subfield code="2">rdacontent</marc:subfield></marc:datafield><marc:datafield tag="337" ind1=" " ind2=" "><marc:subfield code="a">unmediated</marc:subfield><marc:subfield code="b">n</marc:subfield><marc:subfield code="2">rdamedia</marc:subfield></marc:datafield><marc:datafield tag="338" ind1=" " ind2=" "><marc:subfield code="a">volume</marc:subfield><marc:subfield code="b">nc</marc:subfield><marc:subfield code="2">rdacarrier</marc:subfield></marc:datafield><marc:datafield tag="490" ind1="1" ind2=" "><marc:subfield code="a">NIST technical note ;</marc:subfield><marc:subfield code="v">1748</marc:subfield></marc:datafield><marc:datafield tag="500" ind1=" " ind2=" "><marc:subfield code="a">&quot;November 2012.&quot;</marc:subfield></marc:datafield><marc:datafield tag="500" ind1=" " ind2=" "><marc:subfield code="a">Contributed record: Metadata reviewed, not verified. Some fields updated by batch processes.</marc:subfield></marc:datafield><marc:datafield tag="500" ind1=" " ind2=" "><marc:subfield code="a">NETC LRC Report no. 47051.</marc:subfield></marc:datafield><marc:datafield tag="504" ind1=" " ind2=" "><marc:subfield code="a">Includes bibliographical references.</marc:subfield></marc:datafield><marc:datafield tag="520" ind1=" " ind2=" "><marc:subfield code="a">Destruction of homes and businesses from Wildland Urban Interface (WUI) fires has been steadily escalating as have the fire suppression costs associated with them. Since 2000, in the United States, over 3,000 homes per year are lost to WUI fires. This is compared to about 900 homes in the 1990s, and 400 homes in the 1970s. In 2011, in Texas alone, over 2,000 homes were destroyed during WUI fires. The WUI fire problem affects both existing communities and new construction. In the U.S, the problem is most acute in the western and southern states; however, WUI fires have also recently destroyed homes in the Mid-Atlantic States and the Pacific Northwest.^One of the fundamental issues driving the destruction of homes at the interface is the very limited coupling between building codes and standards and potential fire and ember exposure.^The limited exposure information currently available does not address the full range of realistic WUI exposures and offers little context for the design of ignition resistant landscapes and buildings. While the principles of ignition and fire spread at the WUI have been known, actual exposure quantification has been very limited. The resulting gap between exposure and structure ignition has therefore resulted in a lack of tested and implementable hazard mitigation solutions. As an example, there is currently little quantifiable information that links the ember generation from wildland fuels to building assemblies testing.^A WUI fire and ember exposure scale (WUI-scale) needs to be created to help consistently quantify the expected severity of WUI fire events based on measures, or scales, of expected ember and fire exposure.^Once established, these technically based ember and fire exposures for the WUI can form the technical foundation for the development of a set of performance based building codes aimed at providing a level of structure ignition protection commensurate with the expected fire and/or ember exposure. The concept is based on quantifying expected fire and ember exposure throughout an existing WUI community. The proposed WUI-scale can be used to explicitly identify WUI areas that have a fire problem, as opposed to areas that meet housing density or wildland vegetation requirements as is frequently done. The scale can therefore be used to provide the boundaries where specific land use and/or building construction regulations would apply.^Finally, the exposure scale can be used for both new and existing WUI communities.</marc:subfield></marc:datafield><marc:datafield tag="650" ind1=" " ind2="0"><marc:subfield code="a">Buildings</marc:subfield><marc:subfield code="x">Standards.</marc:subfield></marc:datafield><marc:datafield tag="650" ind1=" " ind2="0"><marc:subfield code="a">Fire risk assessment.</marc:subfield></marc:datafield><marc:datafield tag="650" ind1=" " ind2="0"><marc:subfield code="a">Wildfires</marc:subfield><marc:subfield code="x">Prevention and control.</marc:subfield></marc:datafield><marc:datafield tag="650" ind1=" " ind2="0"><marc:subfield code="a">Wildland-urban interface.</marc:subfield></marc:datafield><marc:datafield tag="650" ind1=" " ind2="3"><marc:subfield code="a">Risk assessment.</marc:subfield></marc:datafield><marc:datafield tag="650" ind1=" " ind2="3"><marc:subfield code="a">Wildfires.</marc:subfield></marc:datafield><marc:datafield tag="650" ind1=" " ind2="7"><marc:subfield code="a">Buildings</marc:subfield><marc:subfield code="x">Standards.</marc:subfield><marc:subfield code="2">fast</marc:subfield><marc:subfield code="0">(OCoLC)fst00841161</marc:subfield></marc:datafield><marc:datafield tag="650" ind1=" " ind2="7"><marc:subfield code="a">Damage assessment.</marc:subfield><marc:subfield code="2">netc</marc:subfield></marc:datafield><marc:datafield tag="650" ind1=" " ind2="7"><marc:subfield code="a">Evaluation.</marc:subfield><marc:subfield code="2">netc</marc:subfield></marc:datafield><marc:datafield tag="650" ind1=" " ind2="7"><marc:subfield code="a">Fire risk assessment.</marc:subfield><marc:subfield code="2">fast</marc:subfield><marc:subfield code="0">(OCoLC)fst00925529</marc:subfield></marc:datafield><marc:datafield tag="650" ind1=" " ind2="7"><marc:subfield code="a">Firebrands.</marc:subfield><marc:subfield code="2">netc</marc:subfield></marc:datafield><marc:datafield tag="650" ind1=" " ind2="7"><marc:subfield code="a">Hazard mapping.</marc:subfield><marc:subfield code="2">netc</marc:subfield></marc:datafield><marc:datafield tag="650" ind1=" " ind2="7"><marc:subfield code="a">I Zone.</marc:subfield><marc:subfield code="2">netc</marc:subfield></marc:datafield><marc:datafield tag="650" ind1=" " ind2="7"><marc:subfield code="a">Wildfires</marc:subfield><marc:subfield code="x">Prevention and control.</marc:subfield><marc:subfield code="2">fast</marc:subfield><marc:subfield code="0">(OCoLC)fst01175223</marc:subfield></marc:datafield><marc:datafield tag="650" ind1=" " ind2="7"><marc:subfield code="a">Wildland urban interface.</marc:subfield><marc:subfield code="2">netc</marc:subfield></marc:datafield><marc:datafield tag="650" ind1=" " ind2="7"><marc:subfield code="a">Wildland-urban interface.</marc:subfield><marc:subfield code="2">fast</marc:subfield><marc:subfield code="0">(OCoLC)fst01762420</marc:subfield></marc:datafield><marc:datafield tag="651" ind1=" " ind2="3"><marc:subfield code="a">United States.</marc:subfield></marc:datafield><marc:datafield tag="653" ind1=" " ind2=" "><marc:subfield code="a">Wildland urban interface.</marc:subfield></marc:datafield><marc:datafield tag="653" ind1=" " ind2=" "><marc:subfield code="a">WUI.</marc:subfield></marc:datafield><marc:datafield tag="700" ind1="1" ind2=" "><marc:subfield code="a">Mell, William E.</marc:subfield></marc:datafield><marc:datafield tag="830" ind1=" " ind2="0"><marc:subfield code="a">NIST technical note ;</marc:subfield><marc:subfield code="v">1748.</marc:subfield></marc:datafield><marc:datafield tag="856" ind1="4" ind2=" "><marc:subfield code="u">https://www.treesearch.fs.fed.us/pubs/43634</marc:subfield></marc:datafield><marc:datafield tag="856" ind1="4" ind2=" "><marc:subfield code="z">Address at time of PURL creation</marc:subfield><marc:subfield code="u">https://www.govinfo.gov/content/pkg/GOVPUB-C13-ec53d3ebcf09c617afc664159ebfdd7e/pdf/GOVPUB-C13-ec53d3ebcf09c617afc664159ebfdd7e.pdf</marc:subfield></marc:datafield><marc:datafield tag="856" ind1="4" ind2="0"><marc:subfield code="u">https://purl.fdlp.gov/GPO/gpo104640</marc:subfield></marc:datafield><marc:datafield tag="049" ind1=" " ind2=" "><marc:subfield code="a">GPOO</marc:subfield></marc:datafield><marc:datafield tag="922" ind1=" " ind2=" "><marc:subfield code="a">Batch-processed</marc:subfield></marc:datafield><marc:datafield tag="922" ind1=" " ind2=" "><marc:subfield code="a">NIST-1</marc:subfield><marc:subfield code="b">20180815</marc:subfield></marc:datafield></marc:record>