
<marc:record><marc:leader>01666aam a2200373Ii 4500</marc:leader>
<marc:controlfield tag="001">001077346</marc:controlfield>
<marc:controlfield tag="005">20121108042819.0</marc:controlfield><marc:controlfield tag="008">121108s2012    mdu     ot   f000 0 eng d</marc:controlfield><marc:datafield tag="024" ind1="8" ind2=" "><marc:subfield code="a">GOVPUB-C13-90bbd952316e26a35fdd20a293cb015c</marc:subfield></marc:datafield><marc:datafield tag="035" ind1=" " ind2=" "><marc:subfield code="a">(OCoLC)816520874</marc:subfield></marc:datafield><marc:datafield tag="040" ind1=" " ind2=" "><marc:subfield code="a">NBS</marc:subfield><marc:subfield code="b">eng</marc:subfield><marc:subfield code="e">pn</marc:subfield><marc:subfield code="c">NBS</marc:subfield><marc:subfield code="d">GPO</marc:subfield></marc:datafield><marc:datafield tag="074" ind1=" " ind2=" "><marc:subfield code="a">0249-A (online)</marc:subfield></marc:datafield><marc:datafield tag="086" ind1="0" ind2=" "><marc:subfield code="a">C 13.46:1765</marc:subfield></marc:datafield><marc:datafield tag="090" ind1=" " ind2=" "><marc:subfield code="a">QC100</marc:subfield><marc:subfield code="b">.U5753 no. 1765 2012</marc:subfield></marc:datafield><marc:datafield tag="100" ind1="1" ind2=" "><marc:subfield code="a">Kneifel, Joshua.</marc:subfield></marc:datafield><marc:datafield tag="245" ind1="1" ind2="0"><marc:subfield code="a">Prototype residential building designs for energy and sustainability assessment /</marc:subfield><marc:subfield code="c">Joshua Kneifel.</marc:subfield></marc:datafield><marc:datafield tag="264" ind1=" " ind2="1"><marc:subfield code="a">Gaithersburg, MD :</marc:subfield><marc:subfield code="b">U.S. Dept. of Commerce, National Institute of Standards and Technology,</marc:subfield><marc:subfield code="c">2012.</marc:subfield></marc:datafield><marc:datafield tag="300" ind1=" " ind2=" "><marc:subfield code="a">1 online resource (xiv, 45 pages) :</marc:subfield><marc:subfield code="b">illustrations.</marc:subfield></marc:datafield><marc:datafield tag="336" ind1=" " ind2=" "><marc:subfield code="a">text</marc:subfield><marc:subfield code="b">txt</marc:subfield><marc:subfield code="2">rdacontent</marc:subfield></marc:datafield><marc:datafield tag="337" ind1=" " ind2=" "><marc:subfield code="a">computer</marc:subfield><marc:subfield code="b">c</marc:subfield><marc:subfield code="2">rdamedia</marc:subfield></marc:datafield><marc:datafield tag="338" ind1=" " ind2=" "><marc:subfield code="a">online resource</marc:subfield><marc:subfield code="b">cr</marc:subfield><marc:subfield code="2">rdacarrier</marc:subfield></marc:datafield><marc:datafield tag="490" ind1="1" ind2=" "><marc:subfield code="a">NIST technical note ;</marc:subfield><marc:subfield code="v">1765</marc:subfield></marc:datafield><marc:datafield tag="500" ind1=" " ind2=" "><marc:subfield code="a">&quot;CODEN: NTNOEF&quot;--Title page verso.</marc:subfield></marc:datafield><marc:datafield tag="500" ind1=" " ind2=" "><marc:subfield code="a">&quot;October 2012.&quot;</marc:subfield></marc:datafield><marc:datafield tag="500" ind1=" " ind2=" "><marc:subfield code="a">Contributed record: Metadata reviewed, not verified. Some fields updated by batch processes.</marc:subfield></marc:datafield><marc:datafield tag="650" ind1=" " ind2="0"><marc:subfield code="a">Architecture and energy conservation.</marc:subfield></marc:datafield><marc:datafield tag="650" ind1=" " ind2="0"><marc:subfield code="a">Sustainable architecture</marc:subfield><marc:subfield code="x">Design and construction</marc:subfield><marc:subfield code="x">Energy consumption.</marc:subfield></marc:datafield><marc:datafield tag="710" ind1="2" ind2=" "><marc:subfield code="a">National Institute of Standards and Technology (U.S.)</marc:subfield></marc:datafield><marc:datafield tag="830" ind1=" " ind2="0"><marc:subfield code="a">NIST technical note ;</marc:subfield><marc:subfield code="v">1765.</marc:subfield></marc:datafield><marc:datafield tag="856" ind1="4" ind2=" "><marc:subfield code="u">https://doi.org/10.6028/NIST.TN.1765</marc:subfield></marc:datafield><marc:datafield tag="856" ind1="4" ind2=" "><marc:subfield code="z">Address at time of PURL creation</marc:subfield><marc:subfield code="u">https://www.govinfo.gov/content/pkg/GOVPUB-C13-90bbd952316e26a35fdd20a293cb015c/pdf/GOVPUB-C13-90bbd952316e26a35fdd20a293cb015c.pdf</marc:subfield></marc:datafield><marc:datafield tag="856" ind1="4" ind2="0"><marc:subfield code="u">https://purl.fdlp.gov/GPO/gpo100646</marc:subfield></marc:datafield><marc:datafield tag="922" ind1=" " ind2=" "><marc:subfield code="a">Batch-processed</marc:subfield></marc:datafield><marc:datafield tag="922" ind1=" " ind2=" "><marc:subfield code="a">NIST-1</marc:subfield><marc:subfield code="b">20180815</marc:subfield></marc:datafield></marc:record>