
<marc:record><marc:leader>01752aam a2200433Ii 4500</marc:leader>
<marc:controlfield tag="001">001078483</marc:controlfield>
<marc:controlfield tag="005">20151113033704.0</marc:controlfield><marc:controlfield tag="008">151113s1990    mdu     ot   f000 0 eng d</marc:controlfield><marc:datafield tag="024" ind1="8" ind2=" "><marc:subfield code="a">GOVPUB-C13-5fea8d030bb8fa78c8dcac750ea20705</marc:subfield></marc:datafield><marc:datafield tag="035" ind1=" " ind2=" "><marc:subfield code="a">(OCoLC)929066997</marc:subfield></marc:datafield><marc:datafield tag="040" ind1=" " ind2=" "><marc:subfield code="a">NBS</marc:subfield><marc:subfield code="b">eng</marc:subfield><marc:subfield code="e">pn</marc:subfield><marc:subfield code="e">rda</marc:subfield><marc:subfield code="c">NBS</marc:subfield><marc:subfield code="d">GPO</marc:subfield></marc:datafield><marc:datafield tag="074" ind1=" " ind2=" "><marc:subfield code="a">0249-A (online)</marc:subfield></marc:datafield><marc:datafield tag="086" ind1="0" ind2=" "><marc:subfield code="a">C 13.46:1276</marc:subfield></marc:datafield><marc:datafield tag="090" ind1=" " ind2=" "><marc:subfield code="a">QC100</marc:subfield><marc:subfield code="b">.U5753 no.1276 1990</marc:subfield></marc:datafield><marc:datafield tag="100" ind1="1" ind2=" "><marc:subfield code="a">Hubbard, J. B.</marc:subfield></marc:datafield><marc:datafield tag="245" ind1="1" ind2="2"><marc:subfield code="a">A survey of selected topics relevant to bioprocess engineering /</marc:subfield><marc:subfield code="c">J. B. Hubbard, Elizabeth J. Clark, J. M. H. Levelt Sengers.</marc:subfield></marc:datafield><marc:datafield tag="264" ind1=" " ind2="1"><marc:subfield code="a">Gaithersburg, MD :</marc:subfield><marc:subfield code="b">U.S. Dept. of Commerce, National Institute of Standards and Technology,</marc:subfield><marc:subfield code="c">1990.</marc:subfield></marc:datafield><marc:datafield tag="300" ind1=" " ind2=" "><marc:subfield code="a">1 online resource.</marc:subfield></marc:datafield><marc:datafield tag="336" ind1=" " ind2=" "><marc:subfield code="a">text</marc:subfield><marc:subfield code="2">rdacontent</marc:subfield></marc:datafield><marc:datafield tag="337" ind1=" " ind2=" "><marc:subfield code="a">computer</marc:subfield><marc:subfield code="2">rdamedia</marc:subfield></marc:datafield><marc:datafield tag="338" ind1=" " ind2=" "><marc:subfield code="a">online resource</marc:subfield><marc:subfield code="2">rdacarrier</marc:subfield></marc:datafield><marc:datafield tag="490" ind1="1" ind2=" "><marc:subfield code="a">NIST technical note ;</marc:subfield><marc:subfield code="v">1276</marc:subfield></marc:datafield><marc:datafield tag="500" ind1=" " ind2=" "><marc:subfield code="a">1990.</marc:subfield></marc:datafield><marc:datafield tag="500" ind1=" " ind2=" "><marc:subfield code="a">Contributed record: Metadata reviewed, not verified. Some fields updated by batch processes.</marc:subfield></marc:datafield><marc:datafield tag="500" ind1=" " ind2=" "><marc:subfield code="a">Title from PDF title page.</marc:subfield></marc:datafield><marc:datafield tag="504" ind1=" " ind2=" "><marc:subfield code="a">Includes bibliographical references.</marc:subfield></marc:datafield><marc:datafield tag="650" ind1=" " ind2="0"><marc:subfield code="a">Biochemical engineering.</marc:subfield></marc:datafield><marc:datafield tag="650" ind1=" " ind2="0"><marc:subfield code="a">Bioreactors--Fluid dynamics.</marc:subfield></marc:datafield><marc:datafield tag="650" ind1=" " ind2="0"><marc:subfield code="a">Electrophoresis.</marc:subfield></marc:datafield><marc:datafield tag="700" ind1="1" ind2=" "><marc:subfield code="a">Clark, Elizabeth J.</marc:subfield></marc:datafield><marc:datafield tag="700" ind1="1" ind2=" "><marc:subfield code="a">Hubbard, J. B.</marc:subfield></marc:datafield><marc:datafield tag="700" ind1="1" ind2=" "><marc:subfield code="a">Levelt Sengers, J. M. H.</marc:subfield></marc:datafield><marc:datafield tag="710" ind1="2" ind2=" "><marc:subfield code="a">National Bureau of Standards (U.S.)</marc:subfield></marc:datafield><marc:datafield tag="830" ind1=" " ind2="0"><marc:subfield code="a">NIST technical note ;</marc:subfield><marc:subfield code="v">1276.</marc:subfield></marc:datafield><marc:datafield tag="856" ind1="4" ind2=" "><marc:subfield code="u">https://doi.org/10.6028/NIST.TN.1276</marc:subfield></marc:datafield><marc:datafield tag="856" ind1="4" ind2=" "><marc:subfield code="z">Address at time of PURL creation</marc:subfield><marc:subfield code="u">https://www.govinfo.gov/content/pkg/GOVPUB-C13-5fea8d030bb8fa78c8dcac750ea20705/pdf/GOVPUB-C13-5fea8d030bb8fa78c8dcac750ea20705.pdf</marc:subfield></marc:datafield><marc:datafield tag="856" ind1="4" ind2="0"><marc:subfield code="u">https://purl.fdlp.gov/GPO/gpo98563</marc:subfield></marc:datafield><marc:datafield tag="922" ind1=" " ind2=" "><marc:subfield code="a">Batch-processed</marc:subfield></marc:datafield><marc:datafield tag="922" ind1=" " ind2=" "><marc:subfield code="a">NIST-1</marc:subfield><marc:subfield code="b">20180815</marc:subfield></marc:datafield></marc:record>