
<marc:record><marc:leader>02052aam a2200481Ii 4500</marc:leader>
<marc:controlfield tag="001">001078630</marc:controlfield>
<marc:controlfield tag="005">20151113033706.0</marc:controlfield><marc:controlfield tag="008">151113s2007    mdu     ot   f000 0 eng d</marc:controlfield><marc:datafield tag="024" ind1="8" ind2=" "><marc:subfield code="a">GOVPUB-C13-2bf563a19456e07b225c0c29b9c02087</marc:subfield></marc:datafield><marc:datafield tag="035" ind1=" " ind2=" "><marc:subfield code="a">(OCoLC)929067864</marc:subfield></marc:datafield><marc:datafield tag="040" ind1=" " ind2=" "><marc:subfield code="a">NBS</marc:subfield><marc:subfield code="b">eng</marc:subfield><marc:subfield code="e">pn</marc:subfield><marc:subfield code="e">rda</marc:subfield><marc:subfield code="c">NBS</marc:subfield><marc:subfield code="d">GPO</marc:subfield></marc:datafield><marc:datafield tag="074" ind1=" " ind2=" "><marc:subfield code="a">0249-A (online)</marc:subfield></marc:datafield><marc:datafield tag="086" ind1="0" ind2=" "><marc:subfield code="a">C 13.46:1455</marc:subfield></marc:datafield><marc:datafield tag="090" ind1=" " ind2=" "><marc:subfield code="a">QC100</marc:subfield><marc:subfield code="b">.U5753 no.1455 2007</marc:subfield></marc:datafield><marc:datafield tag="100" ind1="1" ind2=" "><marc:subfield code="a">Bukowski, Richard.</marc:subfield></marc:datafield><marc:datafield tag="245" ind1="1" ind2="0"><marc:subfield code="a">Performance of home smoke alarms :</marc:subfield><marc:subfield code="b">analysis of the response of several available technologies in residential fire setting /</marc:subfield><marc:subfield code="c">Richard. Bukowski, Richard D. Peacock, Jason D. Averill, Thomas G. Cleary, Nelson P. Bryner, W. Douglas. Walton, Paul A. Reneke, Erica D. Kuligowski.</marc:subfield></marc:datafield><marc:datafield tag="264" ind1=" " ind2="1"><marc:subfield code="a">Gaithersburg, MD :</marc:subfield><marc:subfield code="b">U.S. Dept. of Commerce, National Institute of Standards and Technology,</marc:subfield><marc:subfield code="c">2007.</marc:subfield></marc:datafield><marc:datafield tag="300" ind1=" " ind2=" "><marc:subfield code="a">1 online resource.</marc:subfield></marc:datafield><marc:datafield tag="336" ind1=" " ind2=" "><marc:subfield code="a">text</marc:subfield><marc:subfield code="2">rdacontent</marc:subfield></marc:datafield><marc:datafield tag="337" ind1=" " ind2=" "><marc:subfield code="a">computer</marc:subfield><marc:subfield code="2">rdamedia</marc:subfield></marc:datafield><marc:datafield tag="338" ind1=" " ind2=" "><marc:subfield code="a">online resource</marc:subfield><marc:subfield code="2">rdacarrier</marc:subfield></marc:datafield><marc:datafield tag="490" ind1="1" ind2=" "><marc:subfield code="a">NIST technical note ;</marc:subfield><marc:subfield code="v">1455</marc:subfield></marc:datafield><marc:datafield tag="500" ind1=" " ind2=" "><marc:subfield code="a">2007.</marc:subfield></marc:datafield><marc:datafield tag="500" ind1=" " ind2=" "><marc:subfield code="a">Contributed record: Metadata reviewed, not verified. Some fields updated by batch processes.</marc:subfield></marc:datafield><marc:datafield tag="500" ind1=" " ind2=" "><marc:subfield code="a">Title from PDF title page.</marc:subfield></marc:datafield><marc:datafield tag="504" ind1=" " ind2=" "><marc:subfield code="a">Includes bibliographical references.</marc:subfield></marc:datafield><marc:datafield tag="650" ind1=" " ind2="0"><marc:subfield code="a">Dwellings--Fires and fire prevention.</marc:subfield></marc:datafield><marc:datafield tag="650" ind1=" " ind2="0"><marc:subfield code="a">Fire detectors--Testing.</marc:subfield></marc:datafield><marc:datafield tag="700" ind1="1" ind2=" "><marc:subfield code="a">Averill, Jason D.</marc:subfield></marc:datafield><marc:datafield tag="700" ind1="1" ind2=" "><marc:subfield code="a">Bryner, Nelson P.</marc:subfield></marc:datafield><marc:datafield tag="700" ind1="1" ind2=" "><marc:subfield code="a">Bukowski, Richard.</marc:subfield></marc:datafield><marc:datafield tag="700" ind1="1" ind2=" "><marc:subfield code="a">Cleary, Thomas G.</marc:subfield></marc:datafield><marc:datafield tag="700" ind1="1" ind2=" "><marc:subfield code="a">Kuligowski, Erica D.</marc:subfield></marc:datafield><marc:datafield tag="700" ind1="1" ind2=" "><marc:subfield code="a">Peacock, Richard D.</marc:subfield></marc:datafield><marc:datafield tag="700" ind1="1" ind2=" "><marc:subfield code="a">Reneke, Paul A.</marc:subfield></marc:datafield><marc:datafield tag="700" ind1="1" ind2=" "><marc:subfield code="a">Walton, W. Douglas.</marc:subfield></marc:datafield><marc:datafield tag="710" ind1="2" ind2=" "><marc:subfield code="a">National Bureau of Standards (U.S.)</marc:subfield></marc:datafield><marc:datafield tag="830" ind1=" " ind2="0"><marc:subfield code="a">NIST technical note ;</marc:subfield><marc:subfield code="v">1455.</marc:subfield></marc:datafield><marc:datafield tag="856" ind1="4" ind2=" "><marc:subfield code="u">https://doi.org/10.6028/NIST.TN.1455</marc:subfield></marc:datafield><marc:datafield tag="856" ind1="4" ind2=" "><marc:subfield code="z">Address at time of PURL creation</marc:subfield><marc:subfield code="u">https://www.govinfo.gov/content/pkg/GOVPUB-C13-2bf563a19456e07b225c0c29b9c02087/pdf/GOVPUB-C13-2bf563a19456e07b225c0c29b9c02087.pdf</marc:subfield></marc:datafield><marc:datafield tag="856" ind1="4" ind2="0"><marc:subfield code="u">https://purl.fdlp.gov/GPO/gpo96180</marc:subfield></marc:datafield><marc:datafield tag="922" ind1=" " ind2=" "><marc:subfield code="a">Batch-processed</marc:subfield></marc:datafield><marc:datafield tag="922" ind1=" " ind2=" "><marc:subfield code="a">NIST-1</marc:subfield><marc:subfield code="b">20180815</marc:subfield></marc:datafield></marc:record>